% Textbook
@book{textbook,
  place={Stamford, CT},
  edition={7},
  title={C programming: program design including data structures},
  publisher={Cengage Learning},
  author={Malik, D. S.},
  year={2015}
}

% CPP Reference
% https://en.cppreference.com/mwiki/index.php?title=cpp/string/basic_string/getline&action=info
@misc{cpp:getline,
  title={std::getline (string)},
  publisher={cplusplus},
  url={http://www.cplusplus.com/reference/string/string/getline/},
  urldate={2020-04-11}
}
